<?xml version="1.0" encoding="UTF-8" ?><marc:collection xmlns:marc="http://www.loc.gov/MARC21/slim" xmlns:xsi="http://www.w3.org/2001/XMLSchema-instance" xsi:schemaLocation="http://www.loc.gov/MARC21/slim http://www.loc.gov/standards/marcxml/schema/MARC21slim.xsd">
<marc:record><marc:leader>07537nam a2200373 a 4500</marc:leader>
<marc:controlfield tag="001">6624</marc:controlfield>
<marc:controlfield tag="003">aeadna</marc:controlfield><marc:controlfield tag="005">20100426140300.0</marc:controlfield><marc:controlfield tag="006">a      000 0      </marc:controlfield><marc:controlfield tag="008">||||||s1906||||ua     f     |00| pdara|d</marc:controlfield><marc:datafield tag="035" ind1=" " ind2=" "><marc:subfield code="a">(Sirsi) 6624</marc:subfield></marc:datafield><marc:datafield tag="040" ind1=" " ind2=" "><marc:subfield code="a">nal</marc:subfield><marc:subfield code="b">ara</marc:subfield><marc:subfield code="e">AACR2</marc:subfield></marc:datafield><marc:datafield tag="041" ind1="0" ind2=" "><marc:subfield code="a">ara</marc:subfield></marc:datafield><marc:datafield tag="043" ind1=" " ind2=" "><marc:subfield code="a">ma-----</marc:subfield></marc:datafield><marc:datafield tag="050" ind1=" " ind2="4"><marc:subfield code="a">PJ7560</marc:subfield><marc:subfield code="b">.H87 1906</marc:subfield></marc:datafield><marc:datafield tag="082" ind1="1" ind2="4"><marc:subfield code="a">928.62</marc:subfield><marc:subfield code="b">21</marc:subfield></marc:datafield><marc:datafield tag="090" ind1=" " ind2=" "><marc:subfield code="a"></marc:subfield></marc:datafield><marc:datafield tag="100" ind1="2" ind2=" "><marc:subfield code="a">ابن معصوم، علي بن أحمد،</marc:subfield><marc:subfield code="d">1642- حو. 1707.</marc:subfield></marc:datafield><marc:datafield tag="110" ind1="1" ind2=" "><marc:subfield code="a"></marc:subfield></marc:datafield><marc:datafield tag="245" ind1="1" ind2="0"><marc:subfield code="a">كتاب سلافة العصر :</marc:subfield><marc:subfield code="b">في محاسن الشعراء بكل مصر /</marc:subfield><marc:subfield code="c">تأليف علي صدرالدين المدني ابن أحمد نظام الدين الحسيني الحسني.</marc:subfield></marc:datafield><marc:datafield tag="246" ind1="2" ind2="2"><marc:subfield code="a">سلافة العصر في محاسن الشعراء بكل مصر</marc:subfield></marc:datafield><marc:datafield tag="250" ind1=" " ind2=" "><marc:subfield code="a">ط.1.</marc:subfield></marc:datafield><marc:datafield tag="260" ind1=" " ind2=" "><marc:subfield code="a">القاهرة :</marc:subfield><marc:subfield code="b">[محل أحمد ناجي الجمالي ومحمد امين الخانجي الكتبي وأخيه بشارع] ،</marc:subfield><marc:subfield code="c">1324 هـ.[1906م].</marc:subfield></marc:datafield><marc:datafield tag="300" ind1=" " ind2=" "><marc:subfield code="a">607 ص. ؛</marc:subfield><marc:subfield code="c">24 سم.</marc:subfield></marc:datafield><marc:datafield tag="500" ind1=" " ind2=" "><marc:subfield code="a">المؤلف: صدر الدين المدني، علي بن أحمد بن محمد معصوم الحسني الحسيني، المعروف بعلي خان بن ميرزا أحمد، الشهير بابن معصوم (المتوفى: 1119هـ)</marc:subfield></marc:datafield><marc:datafield tag="500" ind1=" " ind2=" "><marc:subfield code="a">الورق الكتاب أصفر وحالته جيدة.</marc:subfield></marc:datafield><marc:datafield tag="520" ind1=" " ind2=" "><marc:subfield code="a">من مشاهير كتب تراجم الشعراء، ترجم فيه ابن معصوم لزهاء (128) شاعراً من شعراء القرن (11) الهجري، وفرغ منه يوم الخميس سابع ربيع الثاني سنة 1082هـ وكان قد شرع في جمعه سنة (1081هـ) أثناء الإقامة الجبرية التي فرضت عليه سنة (1073) وتمثل في وصف كربتها بقول الصلاح الصفدي: لزمت بيتي مثل ما قيل لي ولم أعاند حادث الدهر وليس لي درع يرد الردى أستغفر الله سوى صبري وجعل كتابه ذيلاً لكتاب الشهاب الخفاجي (ريحانة الألبا) وذكر في مقدمته أنه أُهديت إليه نسخة من الريحانة، من مكة المكرمة قال:(فرأيته قد قصد الغرض الذي كنت قصدته... بيد أنه اقتطف ريحانة من روض، وامتاح نقطة من حوض...وأهمل ذكر جماعة من أكابر الفضلاء، وأماثل النبلاء...فجدد لي هذا الاستدراك ذلك العزم القديم...) والتزم ألا يودع فيه شيئاً مما ذكره الخفاجي من الشعر. وافتتح الكتاب بذكر شعراء مكة، فترجم ل(34) شاعراً منهم، أولهم أبوه: الأمير نظام الدين الذي استدعاه شاهنشاه الديار الهندية إلى مملكته وزوجه ابنته، وهي ليست بأم المؤلف، فأمه بنت الشيخ محمد بن أحمد المنوفي الشافعي. وأتبع ذلك بذكر (19) شاعراً من شعراء المدينة، ثم قسم شعراء الشام، وافتتحه بذكر شعراء جبل عامل، وترجم منهم ل(9) شعراء، أولهم: البهاء العاملي، الذي نعته بمجدد القرن الحادي عشر، ثم ل(10) من شعراء دمشق، ثم لشاعر من حلب، وآخر من حمص، ثم ل(11) شاعراً من أهل مصر، و(14) من أهل اليمن، و(3) من أهل فارس، و(11) من البحرين، و(7) من العراق، و(8) من أهل مراكش وفاس. وعقد فصلاً ص(498) أورد فيه تراجم مختزلة لأدباء العجم الذين لم يتعاطوا نظم الشعر العربي. طبع الكتاب لأول مرة في مصر سنة 1324هـ بعناية محمد أمين الخانجي، ثم في قطر على نفقة حاكمها الشيخ أحمد بن علي آل ثاني، سنة 1382هـ في (607) صفحات، منها (239) صفحة في تراجم شعراء مكة. وللسيد عبد الله بن نور الدين بن نعمة الله الموسوي الجزائري التستري المتوفى سنة 1173م ذيل عليه، ترجم فيه لخمسة من العلماء الشعراء، منه نسخة بخط حفيده نعمة الله بن محمد هادي، في مكتبة آية الله العظمى المرعشي النجفي في (قم) بإيران.</marc:subfield></marc:datafield><marc:datafield tag="520" ind1=" " ind2=" "><marc:subfield code="a">&quot;فكررت في كتابي هذا أسماء جماعة سبقني إلى ذكرهم من أهل هذه المائة. وهي الحادية عشره. وأوردت من نتائج أفكارهم ما تستحلي الألباب ذوقه. وتستطيب الأسماع نشره. والتزمت أن لا أورد شيئا من الشعر الذي رقمه. وإن أعدت اسم الشاعر الذي ترجمه. وكتابي هذا مقصور على محاسن أخبار أهل هذه المائة. ومكسور على أحاسن أشعار هذه الفئة وقد رتبته على خمسة أقسام القسم الأول في محاسن أهل الحرمين الشريفين. والمحلين المنيفين. زادهما الله تعالى شرفا وإنافة. ولا زالا آمنين بأمان من شرفهما من المخافة. القسم الثاني في محاسن أهل الشام ومصر ونواحيهما. ومن تصدر من الفضلاء في صدور نواديهما القسم الثالث في محاسن أهل اليمن. المقلدين بعقود آدابهم جيد الزمن. القسم الرابع في محاسن أهل العجم والبحرين والعراق. وإيراد ما رق من لطائفهم وراق القسم الخامس في محاسن أهل المغرب. وإثبات شيء من بديع نظمهم المطرب. والعذر في تأخير قسمهم عن سائر الأقسام. رعاية النكتة في المغرب للختام. وإلا فلهم السبق والبداية. ولا غرو إن انتهت إليهم الغاية. وإذا أشرق إن شاء الله تعالى بدره المنير من أفق الثمام. وتفتق زهره النضير من حجب الكمام وسمته بسلافة العصر. في محاسن الشعراء بكل مصر والله اسأل أن يوفقني لاتمامه. ويشفع حسن ابتدائه بحسن ختامه. والملتمس ممن انتشا من هذه السلافة. أن يلحظها بعين الصواب مهما رأى خلافه. فإنها نشأت عن فكر قد صلد زنده. في بلد عربه عجمه وهنده. لم تقم فيه للأدب سوق. ولا عرف به غير الكفر والفسوق. سنى الله لنا العود منه إلى حرمه. والرجوع إلى جوار بيته المحرم بجوده وكرم. إنه على كل شيء قدير. وبالإجابة جدير&quot; &quot;  مقدمة المؤلف&quot;</marc:subfield></marc:datafield><marc:datafield tag="650" ind1=" " ind2="4"><marc:subfield code="a">الشعر العربي</marc:subfield><marc:subfield code="v">الأعمال المبكرة حتى 1800</marc:subfield></marc:datafield><marc:datafield tag="650" ind1=" " ind2="4"><marc:subfield code="a">الشعراء العرب</marc:subfield><marc:subfield code="v">الأعمال المبكرة حتى 1800</marc:subfield></marc:datafield><marc:datafield tag="650" ind1=" " ind2="4"><marc:subfield code="a"></marc:subfield></marc:datafield><marc:datafield tag="650" ind1=" " ind2="4"><marc:subfield code="a">الشعر العربي</marc:subfield><marc:subfield code="x">تاريخ ونقد</marc:subfield><marc:subfield code="y">1258-1800</marc:subfield></marc:datafield><marc:datafield tag="700" ind1="1" ind2=" "><marc:subfield code="a"></marc:subfield></marc:datafield><marc:datafield tag="949" ind1=" " ind2=" "><marc:subfield code="a">928.62 ح س  DF  ت</marc:subfield><marc:subfield code="w">DDC</marc:subfield><marc:subfield code="i">30018000000577</marc:subfield><marc:subfield code="u">06/23/2003</marc:subfield><marc:subfield code="d">04/26/2010</marc:subfield><marc:subfield code="n">0</marc:subfield><marc:subfield code="t">Book</marc:subfield><marc:subfield code="l">av</marc:subfield><marc:subfield code="m">MAIN</marc:subfield><marc:subfield code="x">RAR</marc:subfield></marc:datafield></marc:record>
</marc:collection>
